<record><leader>00000cas a22000007a 4500</leader><controlfield tag="001">10339768</controlfield><controlfield tag="008">840126d19301985moudn ne      0   a0eng d</controlfield><datafield ind1=" " ind2=" " tag="010"><subfield code="a">sn 84008008 </subfield></datafield><datafield ind1=" " ind2=" " tag="040"><subfield code="a">NSD</subfield><subfield code="b">eng</subfield><subfield code="c">NSD</subfield><subfield code="d">MQN</subfield><subfield code="d">OCLCQ</subfield><subfield code="d">OCLCF</subfield><subfield code="d">OCLCO</subfield></datafield><datafield ind1=" " ind2=" " tag="012"><subfield code="m">1</subfield></datafield><datafield ind1="1" ind2=" " tag="022"><subfield code="a">0746-8555</subfield><subfield code="l">0746-8555</subfield><subfield code="2">1</subfield></datafield><datafield ind1=" " ind2=" " tag="032"><subfield code="a">130020</subfield><subfield code="b">USPS</subfield></datafield><datafield ind1=" " ind2=" " tag="042"><subfield code="a">nsdp</subfield></datafield><datafield ind1=" " ind2=" " tag="043"><subfield code="a">n-us-mo</subfield></datafield><datafield ind1="0" ind2=" " tag="130"><subfield code="a">Chillicothe constitution-tribune (Chillicothe, Mo. : Daily)</subfield></datafield><datafield ind1=" " ind2="4" tag="222"><subfield code="a">The Chillicothe constitution-tribune</subfield></datafield><datafield ind1="1" ind2="4" tag="245"><subfield code="a">The Chillicothe constitution-tribune.</subfield></datafield><datafield ind1="1" ind2="3" tag="246"><subfield code="a">Constitution-tribune</subfield></datafield><datafield ind1=" " ind2=" " tag="260"><subfield code="a">Chillicothe, Mo. :</subfield><subfield code="b">Chillicothe Pub. Co.,</subfield><subfield code="c">1930-1985.</subfield></datafield><datafield ind1=" " ind2=" " tag="300"><subfield code="a">v.</subfield></datafield><datafield ind1=" " ind2=" " tag="310"><subfield code="a">Daily (Mon.-Fri., excluding certain holidays)</subfield></datafield><datafield ind1="0" ind2=" " tag="362"><subfield code="a">Vol. 36, no. 265 (Mar. 8, 1930)-v. 125, no. 249 (Dec. 18, 1985).</subfield></datafield><datafield ind1=" " ind2="0" tag="651"><subfield code="a">Chillicothe (Mo.)</subfield><subfield code="v">Newspapers.</subfield></datafield><datafield ind1=" " ind2="7" tag="655"><subfield code="a">Newspapers.</subfield><subfield code="2">fast</subfield><subfield code="0">(OCoLC)fst01423814</subfield></datafield><datafield ind1=" " ind2="7" tag="651"><subfield code="a">Missouri</subfield><subfield code="z">Chillicothe.</subfield><subfield code="2">fast</subfield><subfield code="0">(OCoLC)fst01227928</subfield></datafield><datafield ind1=" " ind2=" " tag="752"><subfield code="a">United States</subfield><subfield code="b">Missouri</subfield><subfield code="c">Livingston</subfield><subfield code="d">Chillicothe.</subfield></datafield><datafield ind1="0" ind2=" " tag="775"><subfield code="t">Chillicothe constitution-tribune (Chillicothe, Mo. : Weekly ed.)</subfield><subfield code="w">(DLC)sn 89066154</subfield></datafield><datafield ind1="0" ind2="0" tag="780"><subfield code="t">Constitution-tribune (Chillicothe, Mo. : 1928 : Daily ed.)</subfield><subfield code="w">(DLC)sn 89066151</subfield></datafield><datafield ind1="0" ind2="5" tag="780"><subfield code="t">Chillicothe news (Chillicothe, Mo. : 1933)</subfield><subfield code="w">(DLC)sn 89066346</subfield></datafield><datafield ind1="0" ind2="5" tag="780"><subfield code="t">North Missouri press</subfield></datafield><datafield ind1="0" ind2="5" tag="780"><subfield code="t">Weekly chronicle (Ludlow, Mo.)</subfield><subfield code="w">(DLC)sn 89066348</subfield></datafield><datafield ind1="0" ind2="0" tag="785"><subfield code="t">Constitution-tribune (Chillicothe, Mo. : 1985)</subfield><subfield code="w">(DLC)sn 89066152</subfield></datafield></record>